
@inproceedings{varol2018bodynet,
  title={Bodynet: Volumetric inference of 3d human body shapes},
  author={Varol, Gul and Ceylan, Duygu and Russell, Bryan and Yang, Jimei and Yumer, Ersin and Laptev, Ivan and Schmid, Cordelia},
  booktitle={Proceedings of ECCV},
  year={2018}
}

@article{loper2015smpl,
  title={SMPL: A skinned multi-person linear model},
  author={Loper, Matthew and Mahmood, Naureen and Romero, Javier and Pons-Moll, Gerard and Black, Michael J},
  journal={ACM TOG},
  volume={34},
  number={6},
  year={2015},
  publisher={ACM New York, NY, USA}
}

@inproceedings{kanazawa2018end,
  title={End-to-end recovery of human shape and pose},
  author={Kanazawa, Angjoo and Black, Michael J and Jacobs, David W and Malik, Jitendra},
  booktitle={Proceedings of CVPR},
  year={2018}
}

@inproceedings{doersch2019sim2real,
  title={Sim2real transfer learning for 3D human pose estimation: motion to the rescue},
  author={Doersch, Carl and Zisserman, Andrew},
  booktitle={NeuRIPS},
  year={2019}
}

@InProceedings{Mahmood_2019_ICCV,
author = {Mahmood, Naureen and Ghorbani, Nima and Troje, Nikolaus F. and Pons-Moll, Gerard and Black, Michael J.},
title = {AMASS: Archive of Motion Capture As Surface Shapes},
booktitle = {Proceedings of ICCV},
month = {October},
year = {2019}
}

@inproceedings{sun2019human,
  title={Human mesh recovery from monocular images via a skeleton-disentangled representation},
  author={Sun, Yu and Ye, Yun and Liu, Wu and Gao, Wenpeng and Fu, YiLi and Mei, Tao},
  booktitle={Proceedings of IEEE ICCV},
  year={2019}
}